%% This BibTeX bibliography file was created using BibDesk.
%% https://bibdesk.sourceforge.io/

%% Created for Lucas Gagnon at 2023-11-14 12:18:22 -0500 


%% Saved with string encoding Unicode (UTF-8) 



@article{BG,
	archiveprefix = {arXiv},
	author = {Nantel Bergeron and Lucas Gagnon},
	date-modified = {2023-11-14 12:18:22 -0500},
	eprint = {2302.10814},
	journal = {Preprint},
	primaryclass = {math.CO},
	title = {The excedance quotient of the Bruhat order, Quasisymmetric Varieties and Temperley--Lieb algebras},
	year = {2023}}

@article{ABS,
	author = {Aguiar, Marcelo and Bergeron, Nantel and Sottile, Frank},
	fjournal = {Compositio Mathematica},
	journal = {Compos. Math.},
	number = {1},
	pages = {1--30},
	title = {Combinatorial {H}opf algebras and generalized {D}ehn-{S}ommerville relations},
	volume = {142},
	year = {2006}}

@article{AB,
	author = {Aval, J.-C. and Bergeron, N.},
	fjournal = {Proceedings of the American Mathematical Society},
	journal = {Proc. Amer. Math. Soc.},
	number = {4},
	pages = {1053--1062},
	title = {Catalan paths and quasi-symmetric functions},
	volume = {131},
	year = {2003}}

@article{ABB,
	author = {Aval, J.-C. and Bergeron, F. and Bergeron, N.},
	fjournal = {Advances in Mathematics},
	journal = {Adv. Math.},
	number = {2},
	pages = {353--367},
	title = {Ideals of quasi-symmetric functions and super-covariant polynomials for {$S_n$}},
	volume = {181},
	year = {2004}}

@book{S72,
	author = {Stanley, Richard P.},
	pages = {iii+104},
	publisher = {American Mathematical Society, Providence, RI},
	series = {Memoirs of the American Mathematical Society, No. 119},
	title = {Ordered structures and partitions},
	year = {1972}}

@book{S99,
	author = {Stanley, Richard P.},
	pages = {xii+581},
	publisher = {Cambridge University Press, Cambridge},
	series = {Cambridge Studies in Advanced Mathematics},
	title = {Enumerative combinatorics. {V}ol. 2},
	volume = {62},
	year = {1999}}

@incollection{Gessel,
	author = {Gessel, Ira M.},
	booktitle = {Combinatorics and algebra ({B}oulder, {C}olo., 1983)},
	pages = {289--317},
	publisher = {Amer. Math. Soc., Providence, RI},
	series = {Contemp. Math.},
	title = {Multipartite {$P$}-partitions and inner products of skew {S}chur functions},
	volume = {34},
	year = {1984}}

@book{Grinberg,
	author = {Grinberg, Darij},
	note = {Thesis (Ph.D.)--Massachusetts Institute of Technology},
	pages = {(no paging)},
	publisher = {ProQuest LLC, Ann Arbor, MI},
	title = {Studies on {Q}uasisymmetric {F}unctions},
	year = {2016}}

@book{LMvW,
	author = {Luoto, Kurt and Mykytiuk, Stefan and van Willigenburg, Stephanie},
	note = {Hopf algebras, quasisymmetric functions, and Young composition tableaux},
	pages = {xiv+89},
	publisher = {Springer, New York},
	series = {SpringerBriefs in Mathematics},
	title = {An introduction to quasisymmetric {S}chur functions},
	year = {2013}}

@incollection{Mason,
	author = {Mason, Sarah K.},
	booktitle = {Recent trends in algebraic combinatorics},
	pages = {239--279},
	publisher = {Springer, Cham},
	series = {Assoc. Women Math. Ser.},
	title = {Recent trends in quasisymmetric functions},
	volume = {16},
	year = {2019}}

@book{Humphrey,
	author = {Humphreys, James E.},
	isbn = {0-521-37510-X},
	pages = {xii+204},
	publisher = {Cambridge University Press, Cambridge},
	series = {Cambridge Studies in Advanced Mathematics},
	title = {Reflection groups and {C}oxeter groups},
	volume = {29},
	year = {1990}}

@article{Hivert,
	author = {Hivert, Florent},
	fjournal = {Advances in Mathematics},
	journal = {Adv. Math.},
	number = {2},
	pages = {181--238},
	title = {Hecke algebras, difference operators, and quasi-symmetric functions},
	volume = {155},
	year = {2000}}

@article{GP,
	author = {Garsia, A. M. and Procesi, C.},
	fjournal = {Advances in Mathematics},
	journal = {Adv. Math.},
	number = {1},
	pages = {82--138},
	title = {On certain graded {$S_n$}-modules and the {$q$}-{K}ostka polynomials},
	volume = {94},
	year = {1992}}

@article{Baine,
	author = {Biane, Philippe},
	fjournal = {Discrete Mathematics},
	journal = {Discrete Math.},
	number = {1-3},
	pages = {41--53},
	title = {Some properties of crossings and partitions},
	volume = {175},
	year = {1997}}

@article{McCammond,
	author = {McCammond, Jon},
	fjournal = {American Mathematical Monthly},
	journal = {Amer. Math. Monthly},
	number = {7},
	pages = {598--610},
	title = {Noncrossing partitions in surprising locations},
	volume = {113},
	year = {2006}}

@article{GW16,
	author = {Gobet, Thomas and Williams, Nathan},
	fjournal = {European Journal of Combinatorics},
	journal = {European J. Combin.},
	pages = {8--34},
	title = {Noncrossing partitions and {B}ruhat order},
	volume = {53},
	year = {2016}}

@article{Gobet,
	author = {Gobet, Thomas},
	fjournal = {Algebras and Representation Theory},
	journal = {Algebr. Represent. Theory},
	number = {1},
	pages = {169--201},
	title = {Coxeter-{C}atalan combinatorics and {T}emperley-{L}ieb algebras},
	volume = {24},
	year = {2021}}

@incollection{Z02,
	author = {Zinno, Matthew G.},
	fjournal = {Journal of Knot Theory and its Ramifications},
	journal = {J. Knot Theory Ramifications},
	note = {Knots 2000 Korea, Vol. 2 (Yongpyong)},
	number = {4},
	pages = {575--599},
	title = {A {T}emperley-{L}ieb basis coming from the braid group},
	volume = {11},
	year = {2002}}

@book{BjornerBrenti,
	author = {Bj\"{o}rner, Anders and Brenti, Francesco},
	pages = {xiv+363},
	publisher = {Springer, New York},
	series = {Graduate Texts in Mathematics},
	title = {Combinatorics of {C}oxeter groups},
	volume = {231},
	year = {2005}}

@article{ES,
	author = {Ehrenborg, Richard and Steingr\'{\i}msson, Einar},
	fjournal = {Advances in Applied Mathematics},
	journal = {Adv. in Appl. Math.},
	number = {3},
	pages = {284--299},
	title = {The excedance set of a permutation},
	volume = {24},
	year = {2000}}

@article{JWY,
	author = {Jia, Wanwan and Wang, Zhengpan and Yu, Houyi},
	fjournal = {Electronic Journal of Combinatorics},
	journal = {Electron. J. Combin.},
	number = {3},
	pages = {Paper No. 3.4, 26},
	title = {Rigidity for the {H}opf algebra of quasisymmetric functions},
	volume = {26},
	year = {2019}}
